<?xml version="1.0" encoding="UTF-8"?><collection xmlns="http://www.loc.gov/MARC21/slim"><record><leader>00482nam--2200157-i-4500</leader><controlfield tag="001">000011107</controlfield><controlfield tag="002">20161230</controlfield><controlfield tag="005">20170305204120</controlfield><controlfield tag="008">060222s1000------------r-----000-0-eng-d</controlfield><datafield ind1=" " ind2=" " tag="100"><subfield code="a">De Angelis, G. F</subfield></datafield><datafield ind1=" " ind2=" " tag="245"><subfield code="a">A complete computation of the boson characteristic function at t = o k</subfield></datafield><datafield ind1=" " ind2=" " tag="260"><subfield code="a">Salerno</subfield><subfield code="b">Inst.Di Fisica, Universita Di Salerno</subfield><subfield code="c">1973</subfield></datafield><datafield ind1=" " ind2=" " tag="300"><subfield code="a">12 p.+2 p.Fig</subfield></datafield><datafield ind1=" " ind2=" " tag="700"><subfield code="a">Mancini, F</subfield></datafield><datafield ind1=" " ind2=" " tag="852"><subfield code="a">530.145(047.1):537.312.62(047.1)</subfield></datafield><datafield ind1=" " ind2=" " tag="CAT"><subfield code="a">SYS</subfield><subfield code="c">20170305</subfield><subfield code="h">204120</subfield></datafield></record></collection>